<?xml version="1.0" encoding="UTF-8"?><collection xmlns="http://www.loc.gov/MARC21/slim"><record><leader>00471nam--2200169-u-4500</leader><controlfield tag="001">000050828</controlfield><controlfield tag="002">20161230</controlfield><controlfield tag="005">20161230201048</controlfield><controlfield tag="008">080411s1000------------r-----000-0-eng-d</controlfield><datafield ind1=" " ind2=" " tag="040"><subfield code="a">IFIN-HH</subfield></datafield><datafield ind1=" " ind2=" " tag="080"><subfield code="a">51</subfield></datafield><datafield ind1="1" ind2=" " tag="100"><subfield code="a">Iliescu,Ilie.,Ionescu,Bucur si Radu Dan</subfield></datafield><datafield ind1="1" ind2="0" tag="245"><subfield code="a">Probleme de Matematica Pentru Admiterea in Invatamantul Superior</subfield></datafield><datafield ind1=" " ind2=" " tag="260"><subfield code="a">Bucuresti</subfield><subfield code="b">Ed.Didactica si Pedagogica</subfield><subfield code="c">1976</subfield></datafield><datafield ind1=" " ind2=" " tag="300"><subfield code="a">398 p</subfield></datafield><datafield ind1=" " ind2=" " tag="852"><subfield code="a">43243</subfield></datafield><datafield ind1=" " ind2=" " tag="CAT"><subfield code="a">Sys</subfield><subfield code="c">20080411</subfield><subfield code="h">084229</subfield></datafield></record></collection>